<record><leader>00000cas a2200000 a 4500</leader><controlfield tag="001">10225402</controlfield><controlfield tag="008">831216d18361843pauwn ne      0    0eng d</controlfield><datafield ind1=" " ind2=" " tag="010"><subfield code="a">sn 83032146 </subfield></datafield><datafield ind1=" " ind2=" " tag="040"><subfield code="a">NPU</subfield><subfield code="b">eng</subfield><subfield code="c">NPU</subfield><subfield code="d">NYG</subfield><subfield code="d">NPH</subfield><subfield code="d">NPA</subfield><subfield code="d">DLC</subfield><subfield code="d">NPX</subfield><subfield code="d">MFN</subfield><subfield code="d">KNP</subfield><subfield code="d">CNK</subfield><subfield code="d">FUG</subfield><subfield code="d">OCL</subfield><subfield code="d">KRTAS</subfield><subfield code="d">OCLCF</subfield><subfield code="d">PHA</subfield><subfield code="d">NDD</subfield></datafield><datafield ind1=" " ind2=" " tag="042"><subfield code="a">msc</subfield></datafield><datafield ind1="0" ind2="0" tag="050"><subfield code="a">Newspaper 9433</subfield></datafield><datafield ind1="0" ind2=" " tag="130"><subfield code="a">Keystone (Harrisburg, Pa. : 1836)</subfield></datafield><datafield ind1="0" ind2="4" tag="245"><subfield code="a">The Keystone.</subfield></datafield><datafield ind1=" " ind2=" " tag="260"><subfield code="a">Harrisburg, Pa. :</subfield><subfield code="b">William F. Packer, O. Barrett, Benjamin Parke,</subfield><subfield code="c">1836-1843.</subfield></datafield><datafield ind1=" " ind2=" " tag="300"><subfield code="a">7 v.</subfield></datafield><datafield ind1=" " ind2=" " tag="310"><subfield code="a">Weekly (semiweekly during sessions of the state legislature)</subfield></datafield><datafield ind1="0" ind2=" " tag="362"><subfield code="a">Vol. 1, no. 1 (Aug. 24, 1836)-v. 7, no. 54 (May 31, 1843) = Whole no. [1]-454.</subfield></datafield><datafield ind1=" " ind2=" " tag="580"><subfield code="a">Merged with: Pennsylvania reporter (Harrisburg, Pa. : 1839), and: State capitol gazette, to form: Democratic union (Harrisburg, Pa. : 1843).</subfield></datafield><datafield ind1=" " ind2="0" tag="651"><subfield code="a">Harrisburg (Pa.)</subfield><subfield code="v">Newspapers.</subfield></datafield><datafield ind1=" " ind2="0" tag="651"><subfield code="a">Dauphin County (Pa.)</subfield><subfield code="v">Newspapers.</subfield></datafield><datafield ind1=" " ind2="7" tag="651"><subfield code="a">Pennsylvania</subfield><subfield code="z">Dauphin County.</subfield><subfield code="2">fast</subfield><subfield code="0">(OCoLC)fst01212397</subfield></datafield><datafield ind1=" " ind2="7" tag="651"><subfield code="a">Pennsylvania</subfield><subfield code="z">Harrisburg.</subfield><subfield code="2">fast</subfield><subfield code="0">(OCoLC)fst01204725</subfield></datafield><datafield ind1=" " ind2="7" tag="655"><subfield code="a">Newspapers.</subfield><subfield code="2">fast</subfield><subfield code="0">(OCoLC)fst01423814</subfield></datafield><datafield ind1="1" ind2=" " tag="700"><subfield code="a">Barrett, O.,</subfield><subfield code="d">1801-1887,</subfield><subfield code="e">publisher.</subfield></datafield><datafield ind1=" " ind2=" " tag="752"><subfield code="a">United States</subfield><subfield code="b">Pennsylvania</subfield><subfield code="c">Dauphin</subfield><subfield code="d">Harrisburg.</subfield></datafield><datafield ind1="1" ind2="7" tag="785"><subfield code="t">Pennsylvania reporter (Harrisburg, Pa. : 1839)</subfield><subfield code="w">(DLC)sn 84035984</subfield></datafield><datafield ind1="1" ind2="7" tag="785"><subfield code="t">State capitol gazette</subfield><subfield code="w">(DLC)sn 84035979</subfield></datafield><datafield ind1="1" ind2="7" tag="785"><subfield code="t">Democratic union (Harrisburg, Pa. : 1843)</subfield><subfield code="w">(DLC)sn 84035980</subfield></datafield><datafield ind1=" " ind2=" " tag="938"><subfield code="a">Kirtas Technologies, Inc.</subfield><subfield code="b">KRTS</subfield><subfield code="n">737970</subfield></datafield><datafield ind1="1" ind2=" " tag="029"><subfield code="a">AU@</subfield><subfield code="b">000020128042</subfield></datafield></record>